@InProceedings{bonet:icml98,
  author = "B. Bonet and H. Geffner",
  title = "Learning Sorting and Decision Trees with {POMDP}s",
  pages = "73--81",
  booktitle = "Proc. 15th International Conf. on Machine Learning",
  editor = "J. Shavlik",
  address = "Madison, WI",
  year = "1998",
  publisher = "Morgan Kaufmann"
}
