@InProceedings{bonet:gpt-ws,
  author = "B. Bonet and H. Geffner",
  title = "{GPT}: a tool for planning with uncertainty and partial information",
  pages = "82--87",
  booktitle = "Proc. IJCAI-01 Workshop on Planning with Uncertainty and Partial Information",
  editor = "A. Cimatti and H. Geffner and E. Giunchiglia and J. Rintanen",
  address = "Seattle, WA",
  year = "2001"
}
