@Article{bonet:hsp-aij,
  author = "B. Bonet and H. Geffner",
  title = "Planning as heuristic search",
  pages = "5--33",
  number = "1--2",
  volume = "129",
  year = "2001",
  journal = "Artificial Intelligence",
  publisher = "Elsevier"
}

