@Article{bonet:unifying,
  author = "B. Bonet and H. Geffner",
  title = "Planning and Control in Artificial Intelligence: A Unifying Perspective",
  journal = "Applied Intelligence",
  year = "2001",
  volume = "14",
  number = "3",
  pages = "237--252",
  publisher = "Kluwer"
}

