@InProceedings{bonet:psr,
  author = "B. Bonet and S. Thi\'ebaux",
  title = "{GPT} meets {PSR}",
  pages = "102--111",
  booktitle = "Proc. 13th International Conf. on Automated Planning and Scheduling",
  editor = "E. Giunchiglia and N. Muscettola and D. Nau",
  address = "Trento, Italy",
  year = "2003",
  publisher = "AAAI Press"
}
