@InProceedings{bonet:arguing,
  author = "B. Bonet and H. Geffner",
  title = "Arguing for Decisions: A Qualitative Model of Decision Making",
  pages = "98--105",
  booktitle = "Proc. 12th Conf. on Uncertainty in Artificial Intelligence",
  editor = "E. Horvitz and F. Jensen",
  address = "Portland, OR",
  year = "1996",
  publisher = "Morgan Kaufmann"
}
